@article{CaliendoHujerThomsen2008,
author = { Marco   Caliendo  and  Reinhard   Hujer  and  Stephan L.   Thomsen },
title = {Identifying effect heterogeneity to improve the efficiency of job creation schemes in Germany},
journal = {Applied Economics},
volume = {40},
number = {9},
pages = {1101-1122},
year  = {2008},
publisher = {Routledge}
}	

@article{Caliendo08,
author = { Marco   Caliendo  and  Sabine Kopeinig },
title = {Some Practical Guidance for the Implementation of Propensity Score Matching},
journal = {Journal of Economic Surveys},
volume = {22},
number = {1},
pages = {31-72},
year  = {2008},
publisher = {Blackwell Publishing Ltd}
}	
		
@article{girma2004,
  title={Does exporting increase productivity? A microeconometric analysis of matched firms},
  author={Girma, Sourafel and Greenaway, Avid and Kneller, Richard},
  journal={Review of International Economics},
  volume={12},
  number={5},
  pages={855--866},
  year={2004},
  publisher={Wiley Online Library}
}